@article{Nemec2008,
author = {Nemec, Marian and Aftosmis, MJ and Wintzer, Mathias},
file = {:home/hossein/.local/share/data/Mendeley Ltd./Mendeley Desktop/Downloaded/Nemec, Aftosmis, Wintzer - 2008 - Adjoint-based adaptive mesh refinement for complex geometries.pdf:pdf},
journal = {AIAA Paper},
pages = {1--23},
title = {{Adjoint-based adaptive mesh refinement for complex geometries}},
year = {2008}
}

@article{Becker2003,
author = {Becker, Roland and Rannacher, Rolf},
doi = {10.1017/S0962492901000010},
file = {:home/hossein/.local/share/data/Mendeley Ltd./Mendeley Desktop/Downloaded/Becker, Rannacher - 2003 - An optimal control approach to a posteriori error estimation in finite element methods.pdf:pdf},
issn = {0962-4929},
journal = {Acta Numerica},
month = jan,
number = {January 2003},
title = {{An optimal control approach to a posteriori error estimation in finite element methods}},
url = {http://www.journals.cambridge.org/abstract\_S0962492901000010},
volume = {10},
year = {2003}
}
